%% This BibTeX bibliography file was created using BibDesk.
%% http://bibdesk.sourceforge.net/

%% Created for Alexis Nootens at 2018-04-25 08:49:35 +0200


%% Saved with string encoding Unicode (UTF-8) 



@book{Horowitz:2015aa,
	Author = {J.M. Dutertre},
	Publisher = {\url{https://www.emse.fr/~dutertre/documents/synth_AES128.pdf}},
	Title = {Synthèse AES 128},
	Year = {2011}}

@book{gray1998quantization,
	Author = {Lilian BOSSUET},
	Publisher = {EDP Sciences},
	Title = {Approche didactique pour l’enseignement de l’attaque DPA ciblant l’algorithme de chiffrement AES},
	Year = {25 Octobre 2012}}

@book{irf2017mosfet,
	Author = {Stephane Fernandes Medeiros},
	Publisher = {\url{https://dipot.ulb.ac.be/dspace/bitstream/.../12a25345-b54f-4169-9c32-e7d2cce5af65.txt}},
	Title = {Attaques par canaux auxiliaires : nouvelles attaques, contre-mesures et mises en oeuvre},
	Year = {2017}}

@misc{cryptoeprint:2015:536,
    author = {François Durvaux and François-Xavier Standaert},
    title = {From Improved Leakage Detection to the Detection of Points of Interests in Leakage Traces},
    howpublished = {Cryptology ePrint Archive, Report 2015/536},
    year = {2015},
    note = {\url{https://eprint.iacr.org/2015/536}},
}

@misc{cryptoeprint,
    author = {A. Adam Ding, Liwei Zhang, Francois Durvaux, Francois-Xavier Standaert, and Yunsi Fei},
    title = {Towards Sound and Optimal Leakage Detection Procedure},
    howpublished = {In the proceedings of CARDIS 2017, Lecture Notes in Computer Science},
    Volume = {10728},
    Pages = {105--122},
    year = {November 2017},
    note = {\url{https://perso.uclouvain.be/fstandae/PUBLIS/196.pdf}},
}


@book{tel,
	Author = {Abdelaziz Elaabid},
	Publisher = {\url{https://tel.archives-ouvertes.fr/tel-00937136/document}},
	Title = {Attaques par canaux cachés: expérimentations avancées sur les attaques template},
	Year = {2014}
}
	

@book{hamming,
	Publisher = {\url{https://icwww.epfl.ch/~chappeli/it/courseFR/I2subsec_Hdist.php}},
	Title = {6.1.2 Distance de Hamming et poids d'un mot de code}
}

@book{bruit,
	Author = {Jean-Philippe Muller},
	Publisher = {\url{http://www.ta-formation.com/acrobat-cours/bruit.pdf}},
	Title = {Le bruit dans les systèmes électroniques},
	Year = {Juillet 2002}
}

@book{crypto,
	Author = {Renaud Dumont},
	Publisher = {\url{http://www.montefiore.ulg.ac.be/~dumont/pdf/crypto09-10.pdf}},
	Title = {Cryptographie et Sécurité informatique INFO0045-2},
	Year = {2010}
}


